
@online{Tripwire,
  title = {What is Vulnerability Management Anyway?},
  year = 2013,
  url = {https://www.tripwire.com/state-of-security/vulnerability-management/what-is-vulnerability-management-anyway/},
}

@online{Techopedia,
  title = {Vulnerability Scanning},
  url = {https://www.techopedia.com/definition/4160/vulnerability-scanning},
}

@online{Techtarget-vuln,
  author = {Margaret Rouse},
  title = {vulnerability},
  url = {http://whatis.techtarget.com/definition/vulnerability},
  year = 2005,
}

@online{Techtarget-exploit,
  author = {Margaret Rouse},
  title = {exploit},
  url = {http://searchsecurity.techtarget.com/definition/exploit},
  year = 2014,
}

@online{cve-mitre,
  title = {About CVE},
  url = {https://cve.mitre.org/about/},
}

@online{acunetix-sql,
  title = {SQL Injection (SQLi)},
  url = {https://www.acunetix.com/websitesecurity/sql-injection/},
}

@online{acunetix-xss,
  title = {Cross-site Scripting (XSS)},
  url = {https://www.acunetix.com/websitesecurity/cross-site-scripting/},
}


@online{Howtogeek,
  author = {Chris Hoffman},
  title = {Hacker Hat Colors Explained: Black Hats, White Hats, and Gray Hats},
  year = 2013,
  url = {https://www.howtogeek.com/157460/hacker-hat-colors-explained-black-hats-white-hats-and-gray-hats/},
}

@online{Nist,
  title = {NVD CVSS Support},
  url = {https://nvd.nist.gov/vuln-metrics/cvss},
}

@online{Sectools,
  title = {Top 125 Network Security Tools},
  year = 2015,
  url = {http://sectools.org/tag/vuln-scanners/},
}

@online{Tenable,
  title = {Nessus Professional},
  year = 2017,
  url = {https://store.tenable.com/index.php?main_page=product_info&cPath=1&products_id=94},
}

@online{Cnet,
  author = {Renai LeMay},
  title = {Nessus security tool closes its source},
  year = 2005,
  url = {https://www.cnet.com/news/nessus-security-tool-closes-its-source/},
}

@online{Openvas-nvt,
  title = {About NVT Feed},
  url = {http://www.openvas.org/openvas-nvt-feed.html},
}

@online{Concise,
  title = {Vulnerability Scanners},
  year = 2016,
  url = {https://www.concise-courses.com/hacking-tools/vulnerability-scanners/},
}

@online{Hackertarget,
  title = {Nessus, OpenVAS and Nexpose VS Metasploitable},
  year = 2012,
  url = {https://hackertarget.com/nessus-openvas-nexpose-vs-metasploitable/},
}

@online{Securityweekly,
  author = {Paul Asadoorian},
  title = {The Right Way To Configure Nessus For Comparison},
  year = 2012,
  url = {http://securityweekly.com/2012/08/24/the-right-way-to-configure-nes/},
}

@online{Rageweb,
  title = {OpenVAS vs Tenable Nessus},
  year = 2011,
  url = {http://rageweb.info/2011/04/13/openvas-vs-tenable-nessus/},
}

@online{Infosec,
  author = {Satyam Singh},
  title = {Vulnerability Scanners},
  year = 2016,
  url = {http://resources.infosecinstitute.com/vulnerability-scanners-2/#gref},
}

@online{Openvas-about,
  title = {About OpenVAS},
  url = {http://www.openvas.org/about.html},
}

@online{Qualys,
  title = {How does vulnerability scanning work?},
  year = 2015,
  url = {https://community.qualys.com/docs/DOC-1068},
}

@online{Openvas-source,
  title = {Source Code Documentation},
  year = 2017,
  url = {http://www.openvas.org/src-doc.html},
}

@online{Openvas-wiki,
  title = {OpenVAS Documentation},
  year = 2014,
  url = {https://wiki.openvas.org/index.php/Main_Page},
}

@online{Openvas-IRC,
  title = {OpenVAS Online Chat},
  url = {http://www.openvas.org/online-chat.html},
}

@online{Openvas-screenshots,
  title = {Screenshots},
  url = {http://www.openvas.org/screenshots.html},
}

@online{Openvas-contributors,
  title = {Contributors},
  url = {http://www.openvas.org/contributors.html},
}

@online{Securiteam,
  title = {GNessUs - GPL based Nessus},
  url = {http://www.securiteam.com/tools/6V00B0AEAW.html},
}

@online{Nessus-support,
  title = {Nessus Support},
  url = {http://www.tenable.com/products/nessus/nessus-faq#Nessus_Support},
}

@online{Nessus-requirements,
  title = {Nessus Hardware Requirements},
  url = {https://docs.tenable.com/nessus/Content/HardwareRequirements.htm},
}

@online{Openvas-requirements,
  title = {Openvas Hardware Requirements},
  url = {http://www.openvas.org/vm.html},
}

@online{Openvas-nvt,
  title = {OpenVAS Plugins},
  url = {http://plugins.openvas.org/index.php},
}

@online{Vulners-shellshock-openvas,
  title = {Openvas shellshock},
  url = {https://vulners.com/openvas/OPENVAS:804489},
}

@online{Vulners-shellshock-nessus,
  title = {Nessus shellshock},
  url = {https://vulners.com/nessus/BASH_REMOTE_CODE_EXECUTION.NASL},
}

@online{wired-shellshock,
  title = {Hackers Are Already Using the Shellshock Bug to Launch Botnet Attacks},
  url = {https://www.wired.com/2014/09/hackers-already-using-shellshock-bug-create-botnets-ddos-attacks/},
  author = {Andy Greenberg},
  year = 2014,
}

@online{Nessus-nvt,
  title = {Nessus plugins},
  url = {http://www.tenable.com/plugins/index.php?view=all},
}

@online{Nessus-rpc,
  title = {Nessus-RPC},
  url = {https://vulners.com/nessus/SMB_NT_MS08-067.NASL},
}

@online{Openvas-rpc,
  title = {Openvas-RPC},
  url = {https://vulners.com/openvas/OPENVAS:900055},
}

@online{Microsoft,
  title = {Conficker},
  url = {https://www.microsoft.com/security/portal/threat/encyclopedia/entry.aspx?Name=Win32%2fConficker},
}

@online{Nessus-functions,
  title = {Nessus products},
  url = {http://www.tenable.com/products/nessus-vulnerability-scanner},
}

@online{Digitalbond,
  author = {Dale Peterson},
  year = 2010,
  title = {credentialed-scanning},
  url = {http://www.digitalbond.com/blog/2010/01/25/3-reasons-you-should-be-using-credentialed-scanning/},
}

@online{Tenable-agent,
  author = {Diane Garey},
  year = 2015,
  title = {Agent-Based Scanning in Nessus Manager},
  url = {https://www.tenable.com/blog/tenable-introduces-agent-based-scanning-in-nessus-manager},
}

@online{Openvas-installation,
  title = {OpenVAS Binary Packages (3rd party)},
  url = {http://www.openvas.org/install-packages.html},
}

@online{Linkedin,
  title = {Linkedin},
  url = {https://security.linkedin.com/blog-archive#11232015},
}




